@article{moreaudeveloppement,
  title={Le développement durable et l'assurance},
  author={Moreau}
}

@incollection{winter,
  title={Optimal insurance contracts under moral hazard},
  author={Winter, Ralph A},
  booktitle={Handbook of insurance},
  pages={205--230},
  year={2013},
  publisher={Springer}
}

@incollection{dionne2013,
  title={Adverse selection in insurance contracting},
  author={Dionne, Georges and Fombaron, Nathalie and Doherty, Neil},
  booktitle={Handbook of Insurance},
  pages={231--280},
  year={2013},
  publisher={Springer}
}

@incollection{shavell1979,
  title={On moral hazard and insurance},
  author={Shavell, Steven},
  booktitle={Foundations of Insurance Economics},
  pages={280--301},
  year={1979},
  publisher={Springer}
}

@article{mayers1987,
  title={Corporate insurance and the underinvestment problem},
  author={Mayers, David and Smith Jr, Clifford W},
  journal={Journal of Risk and Insurance},
  pages={45--54},
  year={1987},
  publisher={JSTOR}
}

@incollection{mayers1982,
  title={On the corporate demand for insurance},
  author={Mayers, David and Smith Jr, Clifford W},
  booktitle={Foundations of Insurance Economics},
  pages={190--205},
  year={1982},
  publisher={Springer}
}

@article{macminn1987,
  title={Forward markets, stock markets, and the theory of the firm},
  author={MacMinn, Richard D},
  journal={The Journal of Finance},
  volume={42},
  number={5},
  pages={1167--1185},
  year={1987},
  publisher={Wiley Online Library}
}

@article{hoyt2000,
  title={On the demand for corporate property insurance},
  author={Hoyt, Robert E and Khang, Ho},
  journal={Journal of Risk and Insurance},
  pages={91--107},
  year={2000},
  publisher={JSTOR}
}

@article{myers,
  title={Determinants of corporate borrowing},
  author={Myers, Stewart C},
  journal={Journal of financial economics},
  volume={5},
  number={2},
  pages={147--175},
  year={1977},
  publisher={Elsevier}
}

@article{powell,
  title={Internal versus external capital markets in the insurance industry: The role of reinsurance},
  author={Powell, Lawrence Skinner and Sommer, David William},
  journal={Journal of Financial Services Research},
  volume={31},
  number={2-3},
  pages={173--188},
  year={2007},
  publisher={Springer}
}

@article{kaluszka,
  title={An extension of Arrow's result on optimal reinsurance contract},
  author={Kaluszka, Marek and Okolewski, Andrzej},
  journal={Journal of Risk and Insurance},
  volume={75},
  number={2},
  pages={275--288},
  year={2008},
  publisher={Wiley Online Library}
}

@article{cole,
  title={A reexamination of the corporate demand for reinsurance},
  author={Cole, Cassandra R and McCullough, Kathleen A},
  journal={Journal of Risk and Insurance},
  volume={73},
  number={1},
  pages={169--192},
  year={2006},
  publisher={Wiley Online Library}
}

@article{cummins,
  title={The costs and benefits of reinsurance},
  author={Cummins, J David and Dionne, Georges and Gagn{\'e}, Robert and Nouira, Abdelhakim},
  year={2008}
}

@article{swissre,
  title={Microinsurance--Risk protection for 4 billion people},
  author={Re, Swiss},
  journal={sigma},
  volume={6},
  year={2010}
}

@inproceedings{skogstad,
  title={Air leakages through cross laminated timber (CLT) constructions},
  author={Skogstad, Hans Boye and Gullbrekken, Lars and Nore, Kristine},
  booktitle={proceedeings of NSB 2011 9th Nordic Symposium on Building Physics, Tampere, Finland},
  year={2011}
}

@article{mcclung,
  title={Hygrothermal performance of cross-laminated timber wall assemblies with built-in moisture: field measurements and simulations},
  author={McClung, Ruth and Ge, Hua and Straube, John and Wang, Jieying},
  journal={Building and Environment},
  volume={71},
  pages={95--110},
  year={2014},
  publisher={Elsevier}
}

@article{fedorik,
  title={Impact of Air-gap Design to Hygro-thermal Properties and Mould Growth Risk Between Concrete Foundation and CLT Frame},
  author={Fedorik, Filip and Haapala, Antti},
  journal={Energy Procedia},
  volume={132},
  pages={117--122},
  year={2017},
  publisher={Elsevier}
}

@article{krikler2004method,
  title={Method and tools for insurance price and revenue optimisation},
  author={Krikler, Samuel and Dolberger, Dan and Eckel, Jacob},
  journal={Journal of Financial Services Marketing},
  volume={9},
  number={1},
  pages={68--79},
  year={2004},
  publisher={Palgrave Macmillan}
}

@article{NRC-CNRC,
  title={Preliminary CLT fire resistance testing report},
  author={Osborne, Lindsay and Dagenais, C and Benichou, N},
  journal={Point-Claire, Canada},
  year={2012}
}

@article{frangi,
  title={Experimental analysis of cross-laminated timber panels in fire},
  author={Frangi, Andrea and Fontana, Mario and Hugi, Erich and J{\"u}bstl, Robert},
  journal={Fire Safety Journal},
  volume={44},
  number={8},
  pages={1078--1087},
  year={2009},
  publisher={Elsevier}
}

@article{reference1,
  title={Very tall wooden buildings with cross laminated timber},
  author={Van De Kuilen, JWG and Ceccotti, A and Xia, Zhouyan and He, Minjuan},
  journal={Procedia Engineering},
  volume={14},
  pages={1621--1628},
  year={2011},
  publisher={Elsevier}
}

@inproceedings{ref2,
  title={Cyclic tests on cross-laminated wooden panels},
  author={Ceccotti, Ario and Lauriola, Marco P and Pinna, Mario and Sandhaas, Carmen},
  booktitle={proceedings of the 9th world conference on timber engineering, Portland, Oregon, USA},
  year={2006}
}

@inproceedings{ref3,
  title={Seismic behaviour of multi-storey X-lam buildings},
  author={Ceccotti, Ario and Follesa, Maurizio},
  booktitle={Proc. International Workshop on" Earthquake Engineering on Timber Structures" Coimbra, Portugal},
  year={2006}
}

@inproceedings{ref4,
  title={Which seismic behaviour factor for multi-storey buildings made of cross-laminated wooden panels},
  author={Ceccotti, Ario and Follesa, Maurizio and Lauriola, Marco Pio and Sandhaas, Carmen and Minowa, Chikahiro and Kawai, Naohito and Yasumura, Motoi},
  booktitle={Proceedings of 39th CIB W18 Meeting, paper},
  number={39-15},
  pages={4},
  year={2006}
}

@article{ref5,
  title={Fire tests on loaded cross-laminated timber wall and floor elements},
  author={Kippel, M and Leyder, CLAUDE and Frangi, ANDREA and Fontana, MARIO},
  journal={Fire Safety Science},
  volume={11},
  pages={626--639},
  year={2014}
}

@book{ref7,
  title={Design of an 8 storey residential tower from KLH cross laminated solid timber panels},
  author={Yates, Megan and Linegar, Matt and Duji{\v{c}}, Bruno},
  year={2008}
}

@book{parodi2014pricing,
  title={Pricing in general insurance},
  author={Parodi, Pietro},
  year={2014},
  publisher={CRC Press}
}

@report{EICPA,
  title={Advice for Level 2 Implementing Measures on Solvency II: System of Governance},
  author={{Committee of european insurance and occupational pensions authority}},
  year={October, 2009}
}

@book{Marsh,
  title={Variabilit{\'e} de l'assurance dans le secteur de la construction et solutions d'assurance non traditionnelles},
  author={Marsh},
  year={2005},
  publisher={SCHL-CMHC}
}

@book{CCB,
  title={Assurance construction - Notions {\'e}l{\'e}mentaires},
  author={Conseil canadien du bois},
  year={-},
  publisher={Conseil canadien du bois}
}

@book{charpentier2014computational,
  title={Computational Actuarial Science with R},
  author={Charpentier, Arthur},
  year={2014},
  publisher={Chapman and Hall/CRC}
}

@inproceedings{frees2011predictive,
  title={Predictive modeling of multi-peril homeowners insurance},
  author={Frees, Edward W Jed and Meyers, Glenn and Cummings, A David},
  booktitle={Casualty Actuarial Society E-Forum, Winter 2011 Volume 2},
  year={2011}
}

@book{klugman2012loss,
  title={Loss models: from data to decisions},
  author={Klugman, Stuart A and Panjer, Harry H and Willmot, Gordon E},
  volume={715},
  year={2012},
  publisher={John Wiley \& Sons}
}

@book{han2011data,
  title={Data mining: concepts and techniques},
  author={Han, Jiawei and Pei, Jian and Kamber, Micheline},
  year={2011},
  publisher={Elsevier}
}

@book{ohlsson2010non,
  title={Non-life insurance pricing with generalized linear models},
  author={Ohlsson, Esbj{\"o}rn and Johansson, Bj{\"o}rn},
  volume={21},
  year={2010},
  publisher={Springer}
}

@article{yao2008clustering,
  title={Clustering in Ratemaking: Applications in Territories Clustering},
  author={Yao, Ji},
  journal={Casualty Actuarial Society Discussion Paper Program Casualty Actuarial Society-Arlington, Virginia},
  pages={170--192},
  year={2008}
}?

@report{cecobois,
  title={{\'E}tude des primes d'assurance pour la construction en bois},
  author={Christian Dagenais},
  year={2010},
  note={Cecobois}
}

@manual{CLThandbook,
  title={Manuel sur le bois lamin{\'e}-crois{\'e}},
  author={FPInnovations},
  adress={Qu{\'e}bec, QC},
  year={2011},
  note={{\'E}dition sp{\'e}ciale SP-528F}
}

@manual{CNB,
  title={Code National du Bâtiment},
  author={{Commission canadienne des codes du bâtiment et de pr{\'e}vention des incendies}},
  year={2015},
  note={Conseil National de Recherche Canada}
}

@article{mccullagh1984generalized,
  title={Generalized linear models},
  author={McCullagh, Peter},
  journal={European Journal of Operational Research},
  volume={16},
  number={3},
  pages={285--292},
  year={1984},
  publisher={Elsevier}
}

@misc{entrevue_intact,
  author={Jean-Peirre {Bonneville (Directeur, Pr{\'e}vention et inspections - Assurance des entreprises)} and Achraf {Louitri (Directeur, Actuariat, Data Lab)} and Martin {Mathieu (Conseiller technique, RC/3D -  Assurance des entreprises)}},
  title={{Rencontre avec Intact assurance}},
  month={Août},
  year={2017}
}

@misc{entrevue_rochette,
  author={Raynald {Rochette}},
  title={Rencontre},
  howpublished={Couture-Rochette & Associés},
  month={Août},
  year={2017}
}

@manual{ICA,
  title={Normes de pratique},
  author={{Institut Canadien des Actuaires}},
  adress={Québec, QC},
  year={2015},
  note={Sous-section 1530}
}

@report{GLOBEADVISORS1,
  title={Study of Insurance Costs for Mid Rise Wood Frame and Concrete Residential Buildings Final Revision},
  author={{GLOBE Advisors}},
  year={January, 2016}
}

@report{GLOBEADVISORS2,
  title={Executive Summary of GLOBE Advisors Study of Insurance Costs for Mid Rise Wood Frame and Concrete Residential Buildings Final Revision},
  author={{GLOBE Advisors}},
  year={January, 2016}
}

@article{LeoRonken,
  title={Engineered Wood : The New Concrete on the Block?},
  author={Leo Ronken},
  year={December, 2016},
  note={Gen Re}
}

@report{RBQCLT,
  title={Bâtiments de construction massive en bois d'au plus 12 étages, Directives et guide explicatif},
  author={Lise {Veilleux (Régie du bâtiment du Québec)} and Sylvain {Gagnon (FPInnovations)} and Christian {Dagenais (FPInnovations)}},
  year={2015}
}

@misc{Lamothe,
  title={http://www.ecohabitation.com/actualite/nouvelles/construire-bois-hauteur},
author={Sébastien {Jacquet (consultant en éco-construction)}},
year={17 décembre, 2013},
note={écohabitation}
}

@inproceedings{frangi2008natural,
  title={Natural full-scale fire test on a 3 storey XLam timber building},
  author={Frangi, Andrea and Bochicchio, Giovanna and Ceccotti, Ario and Lauriola, Marco Pio},
  booktitle={Proceedings of 10th World Conference on Timber Engineering (WCTE)},
  year={2008}
}

@report{article127,
  title={Guide de présentation d'une demande de mesures équivalentes ou d'une demande de mesures différentes},
  author={{Régie du bâtiment du Québec}},
}

@report{PRG320,
  title={{Standard for Performance Rated Cross Laminated Timber (ANSI/APA PRG 320-2012)}},
  author={{American National Standars Institute}},
  year={2012}
}

@report{regime,
  title={Rapport particulier sur les régimes d'Assurance construction dans une vingtaine de pays étrangers},
  author={P. {Dumas (Inpecteur général des finances)} and A. {Macaire (Inspecteur des finances)} and J-J. {Bryas (Ingénieur général des ponts et chaussées)} and J. {Friggit (Ingénieur en chef des ponts et chaussées)} and I. {Vaulont (Inspectrice générale de l'équipement)}},
 year={2006},
 note={Ministère de l'économie, des Finances et de l'Industrie - Ministère des Transports, de l'équipement, du Tourisme et de la Mer}
}

@article{zhang2015case,
  title={Case Studies of Risk-to-Life due to Fire in Mid-and High-Rise, Combustible and Non-combustible Buildings Using CUrisk},
  author={Zhang, Xia and Mehaffey, Jim and Hadjisophocleous, George},
  journal={Final Report. Ottawa (ON): Carleton University},
  year={2015}
}

@article{hadji,
  title={A case study on the effect of building construction type, height and area on the building fire risk},
  author={Zhang, Xia and Li, Xiao and Rao, Ping and Hadjisophocleous, George},
  journal={Research Gate},
  year={2015}
}

@article{xin2013fire,
  title={Fire risk analysis of residential buildings based on scenario clusters and its application in fire risk management},
  author={Xin, Jing and Huang, Chongfu},
  journal={Fire Safety Journal},
  volume={62},
  pages={72--78},
  year={2013},
  publisher={Elsevier}
}



@misc{FPRF,
  title={Fire Safety Challenges of Tall Wood Buildings},
author={{Fire Protection Research Foudation}},
year={March 2, 2017}
}

@misc{PIRG,
  title={http://www.nfpa.org/news-and-research/resources/fire-protection-research-foundation/research-planning/property-insurance-research-group},
  author={{National Fire Protection Association}},
}

@misc{pirggroup,
  title={Statement of Purpose and Description of Activities},
author={{Property Insurance Research Group}}
}

@misc{IBC,
  title={International Building Code},
 author={{International Code Council}},
 year={2015},
 note={Chapter 6}
}

@report{encapsulated,
  title={Solutions for mid-rise wood construction: apartment fire test with encapsulated cross laminated timber construction (Test APT-CLT)},
  author={Taber, Bruce C and Lougheed, Gary D and Su, Joseph Z and Bénichou, Noureddine},
  year={December 31, 2014},
  note={Conseil National de Recherche - Canada}
}

@article{o'hagan,
  title={Eliciting expert beliefs in substantial practical applications},
  author={O'Hagan, Anthony},
  journal={Journal of the Royal Statistical Society: Series D (The Statistician)},
  volume={47},
  number={1},
  pages={21--35},
  year={1998},
  publisher={Wiley Online Library}
}

@book{cooke,
  title={Experts in uncertainty: opinion and subjective probability in science},
  author={Cooke, Roger},
  year={1991},
  publisher={Oxford University Press on Demand}
}

@report{AutoriteMarchesFinanciers,
  title={LIGNE DIRECTRICE SUR LA GESTION INTÉGRÉE DES RISQUES},
  author={{Autorité des marchés financiers}},
  year={Mai, 2015}
}
@report{riskappetite,
  title={Exploring Risk Appetite and Risk Tolerance},
  author={O'Rourke, Morgan and Arbasetti, Karen},
  year={2012}
}
@report{link,
  title={Risk Appetite: Linkage with Strategic Planning},
  author={Shang, Kailan and Chen, Zhen},
  year={Mars, 2012}
}

@book{marceau2013modelisation,
  title={Modélisation et évaluation quantitative des risques en actuariat: Modèles sur une période},
  author={Marceau, Etienne},
  year={2013},
  publisher={Springer}
}

@article{al1990systematic,
  title={Systematic risk management approach for construction projects},
  author={Al-Bahar, Jamal F and Crandall, Keith C},
  journal={Journal of Construction Engineering and Management},
  volume={116},
  number={3},
  pages={533--546},
  year={1990},
  publisher={American Society of Civil Engineers}
}

@article{zhang2012improved,
  title={An improved two-layer zone model applicable to both pre-and post-flashover fires},
  author={Zhang, Xia and Hadjisophocleous, George},
  journal={Fire safety journal},
  volume={53},
  pages={63--71},
  year={2012},
  publisher={Elsevier}
}

@book{yung2008principles,
  title={Principles of fire risk assessment in buildings},
  author={Yung, David},
  year={2008},
  publisher={John Wiley \& Sons}
}

@book{buchanan2017structural,
  title={Structural design for fire safety},
  author={Buchanan, Andrew H and Abu, Anthony Kwabena},
  year={2017},
  publisher={John Wiley \& Sons}
}

@article{gaskin1993canadian,
  title={Canadian and USA fire statistics for use in the risk-cost assessment model},
  author={Gaskin, J and Yung, DT},
  year={1993}
}

@article{hadjisophocleous1992model,
  title={A model for calculating the probabilities of smoke hazard from fires in multi-storey buildings},
  author={Hadjisophocleous, GV and Yung, D},
  journal={Journal of Fire Protection Engineering},
  volume={4},
  number={2},
  pages={67--79},
  year={1992},
  publisher={Sage Publications Sage CA: Thousand Oaks, CA}
}

@article{hokugo1994experiments,
  title={Experiments to validate the NRCC smoke movement model for fire risk-cost assessment},
  author={Hokugo, AKIHIKO and Yung, DAVID and Hadjisophocleous, George V},
  journal={Fire Safety Science},
  volume={4},
  pages={805--816},
  year={1994}
}

@book{rychlik2006probability,
  title={Probability and risk analysis},
  author={Rychlik, Igor and Ryd{\'e}n, Jesper},
  year={2006},
  publisher={Springer}
}

@article{national2007nfpa,
  title={NFPA 551 - Guide for the Evaluation of Fire Risk Assessments},
  author={{National Fire Protection Association}},
  journal={Quincy, MA},
  year={2007}
}

@article{national2004nfpa,
  title={NFPA 101A - Guide on Alternative Approaches to Life Safety},
  author={{National Fire Protection Association}},
  journal={Quincy, MA},
  year={2004}
}

@article{hadjisophocleous2004literature,
  title={Literature review of fire risk assessment methodologies},
  author={Hadjisophocleous, GV and Fu, Z},
  journal={International Journal on Engineering Performance-Based Fire Codes},
  volume={6},
  number={1},
  pages={28--45},
  year={2004}
}

@article{babrauskas1995sfpe,
  title={SFPE Handbook of fire protection Engineering},
  author={Babrauskas, VYTENIS},
  journal={National Fire Protection Association, Massachusetts},
  year={1995}
}

@article{eaton1989fire,
  title={Fire Probabilities-Smouldering, Flaming or Full Development?},
  author={Eaton, C},
  journal={Fire Safety and Engineering Technical Papers, Book},
  volume={1},
  year={1989}
}

@article{benichou2001model,
  title={A Model for calculating the probabilities of flame spread from fires in multi-storey buildings},
  author={B{\'e}nichou, N and Yung, DT and Dutcher, C},
  year={2001}
}

@inproceedings{benichou1999impact,
  title={Impact of fire department response and mandatory sprinkler protection on life risks in residential communities},
  author={Benichou, N and Yung, D and Hadjisophocleous, GV},
  booktitle={Interflam},
  volume={99},
  number={8},
  pages={521--532},
  year={1999}
}


@article{us2006structure,
  title={Structure fire response times},
  author={US Fire Administration/National Fire Data Center},
  journal={Topical Fire Research Series},
  volume={5},
  number={7},
  pages={1--5},
  year={2006}
}